@online{GameGeek:2018,
	author = {Board Game Geek},
	title = {Eigenstate: Board Game},
	year = {2018},
	url = {https://boardgamegeek.com/boardgame/250725/eigenstate},
	urldate = {2018}
}

@online{TheDuke:2013,
	author = {Board Game Geek},
	title = {The Duke: Board Game},
	year = {2013},
	url = {https://boardgamegeek.com/boardgame/36235/duke},
	urldate = {2013}
}

@online{Onitama:2014,
	author = {Board Game Geek},
	title = {Onitama: Board Game},
	year = {2014},
	url = {https://boardgamegeek.com/boardgame/160477/onitama},
	urldate = {2014}
}

@online{Chesstris:2018,
	author = {Martin Grider},
	title = {Eigenstate on BGG},
	year = {2018},
	url = {http://chesstris.com/2018/04/15/eigenstate-on-bgg},
	urldate = {2018-04-15}
}

@online{eigenstaterules:2018,
	author = {Martin Grider},
	title = {Eigenstate PNP Rules},
	year = {2018},
	url = {https://tinyurl.com/eigenstate},
	urldate = {2018}
}